<?xml version="1.0"?>
<collection xmlns="http://www.loc.gov/MARC21/slim">
  <record>
    <leader>01151cam a2200325 a 4500</leader>
    <controlfield tag="001">lducationmusi00albe</controlfield>
    <controlfield tag="003">CaSfIA</controlfield>
    <controlfield tag="005">20151008010651.0</controlfield>
    <controlfield tag="007">cr||||||||||||</controlfield>
    <controlfield tag="008">870413s1980    abc    f     s    0 fre c</controlfield>
    <datafield tag="035" ind1=" " ind2=" ">
      <subfield code="a">ocm70320161</subfield>
    </datafield>
    <datafield tag="040" ind1=" " ind2=" ">
      <subfield code="b">eng</subfield>
      <subfield code="d">CaSfIA</subfield>
    </datafield>
    <datafield tag="043" ind1=" " ind2=" ">
      <subfield code="a">n-cn-ab</subfield>
    </datafield>
    <datafield tag="049" ind1=" " ind2=" ">
      <subfield code="a">AEU</subfield>
      <subfield code="b">eng</subfield>
    </datafield>
    <datafield tag="055" ind1=" " ind2="3">
      <subfield code="a">MT 10</subfield>
      <subfield code="b">A315 F8 1980 gr.1-3</subfield>
    </datafield>
    <datafield tag="090" ind1="0" ind2=" ">
      <subfield code="a">MT 10 A315 F8 1980 gr.1-3</subfield>
      <subfield code="b">CH</subfield>
    </datafield>
    <datafield tag="090" ind1="0" ind2=" ">
      <subfield code="a">MT 10 A315 F8 1980 gr.1-3</subfield>
      <subfield code="b">CE</subfield>
    </datafield>
    <datafield tag="245" ind1="0" ind2="2">
      <subfield code="a">L'&#xE9;ducation musicale a l'&#xE9;l&#xE9;mentaire :</subfield>
      <subfield code="h">[electronic resource] </subfield>
      <subfield code="b">ler cycle.</subfield>
    </datafield>
    <datafield tag="250" ind1=" " ind2=" ">
      <subfield code="a">Ed. interimaire.</subfield>
    </datafield>
    <datafield tag="260" ind1=" " ind2=" ">
      <subfield code="a">[Edmonton, Alta.] :</subfield>
      <subfield code="b">Alberta Education,</subfield>
      <subfield code="c">1980.</subfield>
    </datafield>
    <datafield tag="300" ind1=" " ind2=" ">
      <subfield code="a">161 p. :</subfield>
      <subfield code="b">ill. ;</subfield>
      <subfield code="c">22 x 100 cm.</subfield>
    </datafield>
    <datafield tag="336" ind1=" " ind2=" ">
      <subfield code="a">text</subfield>
      <subfield code="b">txt</subfield>
      <subfield code="2">rdacontent</subfield>
    </datafield>
    <datafield tag="337" ind1=" " ind2=" ">
      <subfield code="a">unmediated</subfield>
      <subfield code="b">n</subfield>
      <subfield code="2">rdamedia</subfield>
    </datafield>
    <datafield tag="338" ind1=" " ind2=" ">
      <subfield code="a">volume</subfield>
      <subfield code="b">nc</subfield>
      <subfield code="2">rdacarrier</subfield>
    </datafield>
    <datafield tag="490" ind1="1" ind2=" ">
      <subfield code="a">[Alberta curriculum guides]</subfield>
    </datafield>
    <datafield tag="596" ind1=" " ind2=" ">
      <subfield code="a">38 41</subfield>
    </datafield>
    <datafield tag="650" ind1=" " ind2="0">
      <subfield code="a">Music</subfield>
      <subfield code="x">Instruction and study</subfield>
      <subfield code="v">Outlines, syllabi, etc.</subfield>
      <subfield code="z">Alberta.</subfield>
    </datafield>
    <datafield tag="650" ind1=" " ind2="0">
      <subfield code="a">Education</subfield>
      <subfield code="z">Alberta</subfield>
      <subfield code="x">Curricula.</subfield>
    </datafield>
    <datafield tag="650" ind1=" " ind2="0">
      <subfield code="a">School music</subfield>
      <subfield code="v">Outlines, syllabi, etc.</subfield>
      <subfield code="z">Alberta.</subfield>
    </datafield>
    <datafield tag="710" ind1="1" ind2=" ">
      <subfield code="a">Alberta.</subfield>
      <subfield code="b">Alberta Education.</subfield>
    </datafield>
    <datafield tag="830" ind1=" " ind2="0">
      <subfield code="a">Alberta curriculum guides.</subfield>
    </datafield>
    <datafield tag="856" ind1="4" ind2="1">
      <subfield code="u">http://archive.org/details/lducationmusi00albe</subfield>
      <subfield code="z">Free eBook from the Internet Archive</subfield>
    </datafield>
  </record>
</collection>
